<?xml version="1.0" encoding="UTF-8"?><collection xmlns="http://www.loc.gov/MARC21/slim"><record><leader>00597nam--2200193-i-4500</leader><controlfield tag="001">000028699</controlfield><controlfield tag="002">20161230</controlfield><controlfield tag="005">20161230201037</controlfield><controlfield tag="008">060222s1000------------r-----000-0-eng-d</controlfield><datafield ind1=" " ind2=" " tag="040"><subfield code="a">IFIN-HH</subfield></datafield><datafield ind1=" " ind2=" " tag="080"><subfield code="a">539.141</subfield></datafield><datafield ind1="1" ind2=" " tag="100"><subfield code="a">Dewitt, C</subfield></datafield><datafield ind1="1" ind2="0" tag="245"><subfield code="a">Les houches, ecole d`ete de physique theorique, session: xvii 1967: probleme a n corps. many-body physics</subfield><subfield code="c">C. dewitt, r. balian (eds.)</subfield></datafield><datafield ind1=" " ind2=" " tag="260"><subfield code="a">New York</subfield><subfield code="b">Gordon And Breach, Science Publishers, Inc</subfield><subfield code="c">1967</subfield></datafield><datafield ind1=" " ind2=" " tag="300"><subfield code="a">426P</subfield></datafield><datafield ind1=" " ind2=" " tag="490"><subfield code="a">Les Houches</subfield></datafield><datafield ind1="1" ind2=" " tag="700"><subfield code="a">Balian, R</subfield><subfield code="e">Ed</subfield></datafield><datafield ind1=" " ind2=" " tag="852"><subfield code="a">30042</subfield><subfield code="c">539.141</subfield></datafield><datafield ind1=" " ind2=" " tag="CAT"><subfield code="a">Sys</subfield><subfield code="c">20120418</subfield><subfield code="h">100612</subfield></datafield></record></collection>